@inproceedings{setsintypes,
  title={Sets in types, types in sets},
  author={Werner, Benjamin},
  booktitle={International Symposium on Theoretical Aspects of Computer Software},
  pages={530--546},
  year={1997},
  organization={Springer}
}
@inproceedings{notsosimple,
  title={The not so simple proof-irrelevant model of CC},
  author={Miquel, Alexandre and Werner, Benjamin},
  booktitle={International Workshop on Types for Proofs and Programs},
  pages={240--258},
  year={2002},
  organization={Springer}
}
@article{lee2011,
  title={Proof-irrelevant model of CC with predicative induction and judgmental equality},
  author={Lee, Gyesik and Werner, Benjamin},
  journal={arXiv preprint arXiv:1111.0123},
  year={2011}
}
@inproceedings{ecc,
  title={ECC, an extended calculus of constructions},
  author={Luo, Zhaohui},
  booktitle={Logic in Computer Science, 1989. LICS'89, Proceedings., Fourth Annual Symposium on},
  pages={386--395},
  year={1989},
  organization={IEEE}
}
@inproceedings{typesoftypes,
  title={Several types of types in programming languages},
  author={Martini, Simone},
  booktitle={International Conference on History and Philosophy of Computing},
  pages={216--227},
  year={2015},
  organization={Springer}
}
@article{frege,
  title={Begriffsschrift, a formula language, modeled upon that of arithmetic, for pure thought},
  author={Frege, Gottlob},
  journal={From Frege to G{\"o}del: A source book in mathematical logic},
  volume={1931},
  pages={1--82},
  year={1879}
}
@book{principia,
  title={Principia mathematica},
  author={Whitehead, Alfred North and Russell, Bertrand},
  volume={2},
  year={1912},
  publisher={University Press}
}
@article{quinenf,
  title={New foundations for mathematical logic},
  author={Quine, Willard V},
  journal={The American mathematical monthly},
  volume={44},
  number={2},
  pages={70--80},
  year={1937},
  publisher={Taylor \& Francis}
}
@article{churchstt,
  title={A formulation of the simple theory of types},
  author={Church, Alonzo},
  journal={The journal of symbolic logic},
  volume={5},
  number={2},
  pages={56--68},
  year={1940},
  publisher={Cambridge University Press}
}
@article{curryhoward,
  title={The formulae-as-types notion of construction},
  author={Howard, William A},
  journal={To HB Curry: essays on combinatory logic, lambda calculus and formalism},
  volume={44},
  pages={479--490},
  year={1980}
}
@incollection{martinlof,
  title={An intuitionistic theory of types: Predicative part},
  author={Martin-L{\"o}f, Per},
  booktitle={Studies in Logic and the Foundations of Mathematics},
  volume={80},
  pages={73--118},
  year={1975},
  publisher={Elsevier}
}
@incollection{martinlofprog,
  title={Constructive mathematics and computer programming},
  author={Martin-L{\"o}f, Per},
  booktitle={Studies in Logic and the Foundations of Mathematics},
  volume={104},
  pages={153--175},
  year={1982},
  publisher={Elsevier}
}
@phdthesis{coquandcoc,
  title={The calculus of constructions},
  author={Coquand, Thierry and Huet, G{\'e}rard},
  year={1986},
  school={INRIA}
}
@book{coqart,
  title={Interactive theorem proving and program development: Coqâ€™Art: the calculus of inductive constructions},
  author={Bertot, Yves and Cast{\'e}ran, Pierre},
  year={2013},
  publisher={Springer Science \& Business Media}
}
@article{dybjer,
  title={Inductive families},
  author={Dybjer, Peter},
  journal={Formal aspects of computing},
  volume={6},
  number={4},
  pages={440--465},
  year={1994},
  publisher={Springer}
}
@misc{paulincic,
  title={Introduction to the calculus of inductive constructions},
  author={Paulin-Mohring, Christine},
  year={2015},
  publisher={College Publications}
}
@inproceedings{demoura,
  title={The Lean theorem prover (system description)},
  author={de Moura, Leonardo and Kong, Soonho and Avigad, Jeremy and Van Doorn, Floris and von Raumer, Jakob},
  booktitle={International Conference on Automated Deduction},
  pages={378--388},
  year={2015},
  organization={Springer}
}
@inproceedings{barrastypedec,
  title={On the role of type decorations in the calculus of inductive constructions},
  author={Barras, Bruno and Gr{\'e}goire, Benjamin},
  booktitle={International Workshop on Computer Science Logic},
  pages={151--166},
  year={2005},
  organization={Springer}
}
@article{barrassets,
  title={Sets in Coq, Coq in sets},
  author={Barras, Bruno},
  journal={Journal of Formalized Reasoning},
  volume={3},
  number={1},
  pages={29--48},
  year={2010}
}
@article{coqincoq,
  title={Coq in coq},
  author={Barras, Bruno and Werner, Benjamin},
  journal={Available on the WWW},
  year={1997},
  publisher={Citeseer}
}
